<record><leader>00000cas a22000007a 4500</leader><controlfield tag="001">31705002</controlfield><controlfield tag="008">941216d188u19uunjumr ne      0    0eng d</controlfield><datafield ind1=" " ind2=" " tag="010"><subfield code="a">sn 94058038 </subfield></datafield><datafield ind1=" " ind2=" " tag="040"><subfield code="a">NVJ</subfield><subfield code="b">eng</subfield><subfield code="c">NVJ</subfield><subfield code="d">OCLCQ</subfield></datafield><datafield ind1=" " ind2=" " tag="042"><subfield code="a">msc</subfield></datafield><datafield ind1="0" ind2=" " tag="130"><subfield code="a">American citizen (East Orange, N.J.)</subfield></datafield><datafield ind1="1" ind2="4" tag="245"><subfield code="a">The American citizen.</subfield></datafield><datafield ind1=" " ind2=" " tag="260"><subfield code="a">East Orange, N.J. :</subfield><subfield code="b">American Pub. Co.</subfield></datafield><datafield ind1=" " ind2=" " tag="300"><subfield code="a">v.</subfield></datafield><datafield ind1=" " ind2=" " tag="310"><subfield code="a">Monthly,</subfield><subfield code="b">&lt;Jan. 15, 1921&gt;-</subfield></datafield><datafield ind1=" " ind2=" " tag="321"><subfield code="a">Weekly,</subfield><subfield code="b">&lt;Apr. 1, 1918&gt;</subfield></datafield><datafield ind1=" " ind2=" " tag="321"><subfield code="a">Biweekly,</subfield><subfield code="b">&lt;Aug. 1, 1918- Dec. 1, 1920&gt;</subfield></datafield><datafield ind1=" " ind2=" " tag="500"><subfield code="a">"Established in 1887."</subfield></datafield><datafield ind1=" " ind2=" " tag="588"><subfield code="a">Description based on: No. 1535 (Apr. 1, 1918).</subfield></datafield><datafield ind1=" " ind2=" " tag="752"><subfield code="a">United States</subfield><subfield code="b">New Jersey</subfield><subfield code="c">Essex</subfield><subfield code="d">East Orange.</subfield></datafield></record>